%% This BibTeX bibliography file was created using BibDesk.
%% http://bibdesk.sourceforge.net/


%% Created for Fahad at 2013-11-20 19:26:22 -0800 


%% Saved with string encoding Unicode (UTF-8) 



@misc{1,
	Title = {Spark - http://spark.incubator.apache.org/},
	Url = {http://spark.incubator.apache.org/},
	Bdsk-Url-1 = {http://spark.incubator.apache.org/}}

@misc{2,
	Title = {Emulab - http://emulab.net/},
	Url = {http://emulab.net/},
	Bdsk-Url-1 = {http://emulab.net/}}

@conference{3,
	Author = {B. Babcock, C. Olston},
	Booktitle = {SIGMOD},
	Title = {Distributed Top-K Monitoring},
	Year = {2003}}

@conference{4,
	Author = {T. Condie, N. Conway, P. Alvaro, J. M. Hellerstein, K. Elmeleegy, and R. Sears},
	Booktitle = {NSDI},
	Title = {MapReduce Online},
	Year = {2010}}

@conference{5,
	Author = {S. Agarwal, B. Mozafari, A. Panda, H. Milner, S. Madden, and Ion Stoica},
	Booktitle = {EuroSys},
	Title = {BlinkDB: queries with bounded errors and bounded response times on very large data},
	Year = {2013}}

@conference{6,
	Author = {C. Cormode, M. Garofalakis, S. Muthukrishnan, R. Rastogi},
	Booktitle = {SIGMOD},
	Title = {Holistic Aggregates in a Networked World: Distributed Tracking of Approximate Quantiles},
	Year = {2005}}

@conference{7,
	Author = {S. Madden, M. J. Franklin, J. M. Hellerstein, and W. Hong},
	Booktitle = {OSDI},
	Title = {TAG: A Tiny AGgregation service for ad-hoc sensor networks},
	Year = {2002}}
