@misc{spark,
      title = {Spark - http://spark.incubator.apache.org/},
      author = {Apache Software Compay},
      url = {http://spark.incubator.apache.org/}
}

@article{greenberg,
 author = {Greenberg, Albert and Hamilton, James and Maltz, David A. and Patel, Parveen},
 title = {The Cost of a Cloud: Research Problems in Data Center Networks},
 journal = {SIGCOMM Comput. Commun. Rev.},
 issue_date = {January 2009},
 volume = {39},
 number = {1},
 month = dec,
 year = {2008},
 issn = {0146-4833},
 pages = {68--73},
 numpages = {6},
 url = {http://doi.acm.org/10.1145/1496091.1496103},
 doi = {10.1145/1496091.1496103},
 acmid = {1496103},
 publisher = {ACM},
 address = {New York, NY, USA},
 keywords = {cloud-service data centers, costs, network challenges},
} 

@misc{emulab,
      title = {Emulab - http://emulab.net/},
      author = {University of Utah},
      url = {http://emulab.net/}
}
@inproceedings{topk,
    author    = {Babcock, B. and Olston, C.},
    title     = {Distributed Top-K Monitoring},
    booktitle = {SIGMOD},
    year      = {2003}
}
@inproceedings{hop,
    author    = {Condie, T. and Conway, N. and Alvaro, P. and Hellerstein, J. M. and Elmeleegy, K. and Sears, R.},
    title     = {MapReduce Online},
    booktitle = {NSDI},
    year      = {2010}
}
@inproceedings{blinkdb,
    author    = {Agarwal, S. and Mozafari, B. and Pand, A. and Milner, H. and Madden, S. and Stoica, I.},
    title     = {BlinkDB: queries with bounded errors and bounded response times on very large data},
    booktitle = {EuroSys},
    year      = {2013}
}
@inproceedings{approxquant,
    author    = {Cormode, C. and Garofalakis, M. and Muthukrishnan, S. and Rastogi, R.},
    title     = {Holistic Aggregates in a Networked World: Distributed Tracking of Approximate Quantiles},
    booktitle = {SIGMOD},
    year      = {2005}
}
@inproceedings{tag,
    author    = {Madden, S. and Franklin, M. J. and Hellerstein, J. M. and Hong, W.},
    title     = {TAG: A Tiny Aggregation service for ad-hoc sensor networks},
    booktitle = {OSDI},
    year      = {2002}
}
